
@article{Eros2019,
title = {A ROS2 based communication architecture for control in collaborative and intelligent automation systems},
journal = {Procedia Manufacturing},
volume = {38},
pages = {349-357},
year = {2019},
note = {29th International Conference on Flexible Automation and Intelligent Manufacturing ( FAIM 2019), June 24-28, 2019, Limerick, Ireland, Beyond Industry 4.0: Industrial Advances, Engineering Education and Intelligent Manufacturing},
issn = {2351-9789},
doi = {https://doi.org/10.1016/j.promfg.2020.01.045},
url = {https://www.sciencedirect.com/science/article/pii/S2351978920300469},
author = {Endre Er≈ës and Martin Dahl and Kristofer Bengtsson and Atieh Hanna and Petter Falkman},
keywords = {robot operating system, collaborative robots, robot programming, communication architecture, multi-master, intelligent automation},
}